<record><leader>00000cas a22000007a 4500</leader><controlfield tag="001">12239038</controlfield><controlfield tag="008">850706c19729999iauwr ne      0    0eng d</controlfield><datafield ind1=" " ind2=" " tag="010"><subfield code="a">sn 85050842 </subfield></datafield><datafield ind1=" " ind2=" " tag="040"><subfield code="a">INP</subfield><subfield code="b">eng</subfield><subfield code="c">INP</subfield><subfield code="d">OCL</subfield><subfield code="d">OCLCQ</subfield></datafield><datafield ind1=" " ind2=" " tag="042"><subfield code="a">msc</subfield></datafield><datafield ind1="0" ind2=" " tag="130"><subfield code="a">Williamsburg journal tribune (Williamsburg, Iowa : 1972)</subfield></datafield><datafield ind1="1" ind2="0" tag="245"><subfield code="a">Williamsburg journal tribune.</subfield></datafield><datafield ind1="3" ind2="0" tag="246"><subfield code="a">Journal tribune</subfield></datafield><datafield ind1="1" ind2="3" tag="246"><subfield code="a">Journal-tribune and Williamsburg shopper consolidated</subfield></datafield><datafield ind1=" " ind2=" " tag="260"><subfield code="a">Williamsburg, Iowa :</subfield><subfield code="b">G. Wiley and Margaret Beveridge,</subfield><subfield code="c">1972-</subfield></datafield><datafield ind1=" " ind2=" " tag="300"><subfield code="a">v. :</subfield><subfield code="b">ill. ;</subfield><subfield code="c">59 cm.</subfield></datafield><datafield ind1=" " ind2=" " tag="310"><subfield code="a">Weekly</subfield></datafield><datafield ind1="0" ind2=" " tag="362"><subfield code="a">[Vol. 76], no. 43 (Oct. 26, 1972)-</subfield></datafield><datafield ind1=" " ind2=" " tag="500"><subfield code="a">Bicentennial edition published July 1, 1976.</subfield></datafield><datafield ind1=" " ind2=" " tag="500"><subfield code="a">Publishers: G. Wiley and Margaret Beveridge, Oct. 26, 1972-&lt;Dec. 29, 1973&gt;; Newspapers of Iowa County, &lt;Apr. 15, 1976&gt;-</subfield></datafield><datafield ind1=" " ind2=" " tag="500"><subfield code="a">"Iowa County farmer" section published &lt;1976-1983&gt;.</subfield></datafield><datafield ind1=" " ind2=" " tag="500"><subfield code="a">Editor: Reid K. Beveridge, 1972-</subfield></datafield><datafield ind1=" " ind2=" " tag="515"><subfield code="a">Vol. 76 omitted from Oct. 26, 1972, issue.</subfield></datafield><datafield ind1=" " ind2=" " tag="752"><subfield code="a">United States</subfield><subfield code="b">Iowa</subfield><subfield code="c">Iowa</subfield><subfield code="d">Williamsburg.</subfield></datafield><datafield ind1="0" ind2="0" tag="780"><subfield code="t">Williamsburg journal tribune and Williamsburg shopper, consolidated</subfield><subfield code="w">(DLC)sn 85050843</subfield></datafield></record>